<?xml version="1.0" encoding="UTF-8"?><record xmlns="http://www.loc.gov/MARC21/slim" xmlns:cinclude="http://apache.org/cocoon/include/1.0" xmlns:zs="http://www.loc.gov/zing/srw/">
  <leader>00821cz  a2200169n  4500</leader>
  <controlfield tag="001">n  78078928 </controlfield>
  <controlfield tag="003">DLC</controlfield>
  <controlfield tag="005">20000408070410.0</controlfield>
  <controlfield tag="008">781026n| acannaabn          |a aaa      </controlfield>
  <datafield tag="010" ind1=" " ind2=" ">
    <subfield code="a">n  78078928 </subfield>
  </datafield>
  <datafield tag="035" ind1=" " ind2=" ">
    <subfield code="a">(OCoLC)oca00214265</subfield>
  </datafield>
  <datafield tag="040" ind1=" " ind2=" ">
    <subfield code="a">DLC</subfield>
    <subfield code="b">eng</subfield>
    <subfield code="c">DLC</subfield>
    <subfield code="d">DLC</subfield>
    <subfield code="d">OCoLC</subfield>
  </datafield>
  <datafield tag="100" ind1="1" ind2=" ">
    <subfield code="a">Fonseca, Fernanda Irene</subfield>
  </datafield>
  <datafield tag="400" ind1="1" ind2=" ">
    <subfield code="a">Barros Fonseca, Fernanda Irene Araúja</subfield>
  </datafield>
  <datafield tag="400" ind1="1" ind2=" ">
    <subfield code="a">Araúja Barros Fonseca, Fernanda Irene</subfield>
  </datafield>
  <datafield tag="670" ind1=" " ind2=" ">
    <subfield code="a">Her Pragmática linguística ... 1977:</subfield>
    <subfield code="b">t.p. (Fernanda Irene Fonseca; assistente da Faculdade de Letras do Porto Bolseiros do I.N.I.C.)</subfield>
  </datafield>
  <datafield tag="670" ind1=" " ind2=" ">
    <subfield code="a">Her Vergílio Ferreira, 1992:</subfield>
    <subfield code="b">t.p. (Fernanda Irene Fonseca) front flap (Fernanda Irene Araúja Barros Fonseca; b. in Porto; degree in Romance Philology from Coimbra Univ. and a doctorate in general linguistics from the Univ. do Porto, 1992)</subfield>
  </datafield>
</record>